<?xml version="1.0" encoding="UTF-8"?><collection xmlns="http://www.loc.gov/MARC21/slim"><record><leader>00365nam--2200121-i-4500</leader><controlfield tag="001">000022307</controlfield><controlfield tag="002">20161230</controlfield><controlfield tag="005">20161230201034</controlfield><controlfield tag="008">060222s1000------------r-----000-0-eng-d</controlfield><datafield ind1=" " ind2=" " tag="080"><subfield code="a">539.12.162.8(061.3)</subfield></datafield><datafield ind1=" " ind2=" " tag="245"><subfield code="a">8. international conference on high-energy physics. tihany, sept.25-30, 1962</subfield></datafield><datafield ind1=" " ind2=" " tag="260"><subfield code="a">Budapest, Hungarian Acad. Of Sciences, 1963, 323p</subfield></datafield><datafield ind1=" " ind2=" " tag="852"><subfield code="a">4376</subfield></datafield></record></collection>